---
---

@ARTICLE{10559627,
  author={Nguyen, Minh Hai and de Vieilleville, Fran√ßois and Weiss, Pierre},
  journal={IEEE Transactions on Geoscience and Remote Sensing}, 
  title={DeepVibes: Correcting Microvibrations in Satellite Imaging With Pushbroom Cameras}, 
  year={2024},
  volume={62},
  number={},
  pages={1-9},
  keywords={Cameras;Satellites;Noise;Vibrations;Orbits;Mathematical models;Charge coupled devices;Convolutional neural network (CNN);jitter;microvibration;pushbroom;satellite imaging;unrolled network},
  doi={10.1109/TGRS.2024.3415372}}

